<record><leader>00000cas a22000007a 4500</leader><controlfield tag="001">13034564</controlfield><controlfield tag="008">860117d189u1923wiuwr ne      0    0eng d</controlfield><datafield ind1=" " ind2=" " tag="010"><subfield code="a">sn 86086038 </subfield></datafield><datafield ind1=" " ind2=" " tag="040"><subfield code="a">NPV</subfield><subfield code="b">eng</subfield><subfield code="c">NPV</subfield><subfield code="d">OCLCQ</subfield></datafield><datafield ind1=" " ind2=" " tag="042"><subfield code="a">msc</subfield></datafield><datafield ind1=" " ind2=" " tag="045"><subfield code="a">w9x2</subfield></datafield><datafield ind1=" " ind2=" " tag="052"><subfield code="a">4123</subfield><subfield code="b">P5</subfield></datafield><datafield ind1="0" ind2="0" tag="245"><subfield code="a">Prescott tribune.</subfield></datafield><datafield ind1=" " ind2=" " tag="260"><subfield code="a">Prescott, Wis. :</subfield><subfield code="b">Price Bros.,</subfield><subfield code="c">-1923.</subfield></datafield><datafield ind1=" " ind2=" " tag="300"><subfield code="a">2 v.</subfield></datafield><datafield ind1=" " ind2=" " tag="310"><subfield code="a">Weekly</subfield></datafield><datafield ind1="0" ind2=" " tag="362"><subfield code="a">-v. 51, no. 35 (Dec. 27, 1923).</subfield></datafield><datafield ind1=" " ind2=" " tag="500"><subfield code="a">Publisher varies.</subfield></datafield><datafield ind1=" " ind2=" " tag="500"><subfield code="a">Editors: G.G. Price, &lt;Nov. 13, 1896&gt;-July 8, 1898; H.B. Rogers, July 15-Sept. 16, 1898.</subfield></datafield><datafield ind1=" " ind2=" " tag="530"><subfield code="a">Available on microfilm from The State Historical Society of Wisconsin.</subfield></datafield><datafield ind1=" " ind2=" " tag="580"><subfield code="a">Continued by: Prescott journal (Prescott, Wis. : 1930). Cf. Oehlerts, D.E. Guide to Wis. newspapers.</subfield></datafield><datafield ind1=" " ind2=" " tag="588"><subfield code="a">Description based on: Vol. 23, no. 33 (Nov. 13, 1896).</subfield></datafield><datafield ind1=" " ind2=" " tag="752"><subfield code="a">United States</subfield><subfield code="b">Wisconsin</subfield><subfield code="c">Pierce</subfield><subfield code="d">Prescott.</subfield></datafield><datafield ind1="0" ind2="0" tag="780"><subfield code="t">Pierce County plaindealer</subfield><subfield code="w">(DLC)sn 86086037</subfield></datafield><datafield ind1="1" ind2="0" tag="785"><subfield code="t">Prescott journal (Prescott, Wis. : 1930)</subfield><subfield code="w">(DLC)sn 86086039</subfield></datafield><datafield ind1="1" ind2=" " tag="029"><subfield code="a">AU@</subfield><subfield code="b">000023602741</subfield></datafield></record>